@book{hastie1990generalized,
  title={Generalized additive models},
  author={Hastie, Trevor J and Tibshirani, Robert J},
  volume={43},
  year={1990},
  publisher={CRC Press}
}


