@article{wicklin2009congestion,
  title={Congestion in the sky: Visualising domestic airline traffic with sas},
  author={Wicklin, Rick and Allison, Robert},
  journal={ASA Statistical Computing and Graphics Data Expo},
  volume={2009},
  pages={14},
  year={2009}
}

@article{hofmann2011delayed,
  title={Delayed, Canceled, on Time, Boardingâ€¦ Flying in the USA},
  author={Hofmann, Heike and Cook, Dianne and Kielion, Chris and Schloerke, Barret and Hobbs, Jon and Loy, Adam and Mosley, Lawrence and Rockoff, David and Huang, Yuanyuan and Wrolstad, Danielle and others},
  journal={Journal of Computational and Graphical Statistics},
  volume={20},
  number={2},
  pages={287--290},
  year={2011},
  publisher={Taylor \& Francis}
}

@article{wickham2011tale,
  title={A Tale of Two Airports: Exploring Flight Traffic at SFO and OAK},
  author={Wickham, Charlotte},
  journal={Journal of Computational and Graphical Statistics},
  volume={20},
  number={2},
  pages={291--293},
  year={2011},
  publisher={Taylor \& Francis}
}

@techreport{dey2009minimizing,
  title={Minimizing flight delay},
  author={Dey, Tanujit and Phillips, David and Steele, Patrick},
  year={2009},
  institution={Tech. rep., Dept. of Math, College of William \& Mary, contact authors for manuscript}
}

@book{hastie1990generalized,
  title={Generalized additive models},
  author={Hastie, Trevor J and Tibshirani, Robert J},
  volume={43},
  year={1990},
  publisher={CRC Press}
}

@misc{noaaclimatedata,
	author = {NCEI},
	title = {Climate Data Online, NCEI Web Services},
	howpublished= {\url{http://http://www.ncdc.noaa.gov/cdo-web/webservices/v2}}
} 


